<?xml version="1.0" encoding="UTF-8"?><collection xmlns="http://www.loc.gov/MARC21/slim"><record><leader>00463nam--2200145-i-4500</leader><controlfield tag="001">000014444</controlfield><controlfield tag="002">20161230</controlfield><controlfield tag="005">20170208151901</controlfield><controlfield tag="008">060222s1000------------r-----000-0-eng-d</controlfield><datafield ind1=" " ind2=" " tag="100"><subfield code="a">Carre, Bertrand</subfield></datafield><datafield ind1=" " ind2=" " tag="245"><subfield code="a">Etude de l ionisation d une vapeur de sodium d ense en presence d un rayonnement laser resonant intense</subfield><subfield code="b">these</subfield></datafield><datafield ind1=" " ind2=" " tag="260"><subfield code="a">Orsay</subfield><subfield code="b">Universite De Paris-sud</subfield><subfield code="c">1982</subfield></datafield><datafield ind1=" " ind2=" " tag="300"><subfield code="a">85 p</subfield></datafield><datafield ind1=" " ind2=" " tag="852"><subfield code="a">547.563.5:621.375.826(043)</subfield></datafield><datafield ind1=" " ind2=" " tag="CAT"><subfield code="a">SYS</subfield><subfield code="c">20170208</subfield><subfield code="h">151901</subfield></datafield></record></collection>